@inproceedings{Saul2001AnIT,
  title={An Introduction to Locally Linear Embedding},
  author={L. Saul and S. Roweis},
  year={2001},
  note = {\href{https://www.semanticscholar.org/paper/An-Introduction-to-Locally-Linear-Embedding-Saul-Roweis/da6495102377f8332b21cef50c35d27fbff627df}{URL}}
}
